@article{Jones19970401,
	author = {Daniel T. Jones and Peter Hines and Nick Rich},
	journal = {International Journal of Physical Distribution \& Logistics Management},
	title = {Lean logistics},
	year = {1997-04-01},
	pages = {153-173},
	volume = {27},
	number = {3/4},
	ISSN = {0960-0035},
	DOI = {10.1108/09600039710170557},
	URL = {https://www.emerald.com/insight/content/doi/10.1108/09600039710170557/full/html},
}
